@misc{aes-nist,
  author    = {Morris Dworkin and Elaine Barker and James Nechvatal and James Foti and Lawrence Bassham and E. Roback and James Dray},
  title     = {Advanced Encryption Standard (AES)},
  year      = {2001},
  publisher = {Federal Inf. Process. Stds. (NIST FIPS), National Institute of Standards and Technology, Gaithersburg, MD},
  doi       = {10.6028/NIST.FIPS.197},
  language  = {en}
}

@inproceedings{bclo-ope,
  author    = {Boldyreva, Alexandra and Chenette, Nathan and Lee, Younho and O'Neill, Adam},
  title     = {Order-Preserving Symmetric Encryption},
  booktitle = {Advances in Cryptology - EUROCRYPT 2009},
  year      = {2009},
  publisher = {Springer Berlin Heidelberg},
  pages     = {224--241}
}

@inproceedings{binary-tree-oram,
  title        = {Oblivious RAM with $O(\log^3 N)$ worst-case cost},
  author       = {Shi, Elaine and Chan, T-H Hubert and Stefanov, Emil and Li, Mingfei},
  booktitle    = {International Conference on The Theory and Application of Cryptology and Information Security},
  pages        = {197--214},
  year         = {2011},
  organization = {Springer}
}

@inproceedings{circuit-oram,
  author    = {Wang, Xiao and Chan, Hubert and Shi, Elaine},
  title     = {Circuit ORAM: On Tightness of the Goldreich-Ostrovsky Lower Bound},
  year      = {2015},
  publisher = {Association for Computing Machinery},
  doi       = {10.1145/2810103.2813634},
  booktitle = {Proceedings of the 22nd ACM SIGSAC Conference on Computer and Communications Security},
  pages     = {850--861},
  series    = {CCS '15}
}

@inproceedings{cloz-ore,
  author    = {Cash, David and Liu, Feng-Hao and O'Neill, Adam and Zhandry, Mark and Zhang, Cong},
  title     = {Parameter-Hiding Order Revealing Encryption},
  booktitle = {Advances in Cryptology -- ASIACRYPT 2018},
  year      = {2018},
  pages     = {181--210}
}

@inproceedings{clww-ore,
  author    = {Chenette, Nathan and Lewi, Kevin and Weis, Stephen A. and Wu, David J.},
  title     = {Practical Order-Revealing Encryption with Limited Leakage},
  booktitle = {Fast Software Encryption},
  year      = {2016},
  publisher = {Springer Berlin Heidelberg},
  pages     = {474--493}
}

@inproceedings{differential-privacy-original,
  title        = {Calibrating noise to sensitivity in private data analysis},
  author       = {Dwork, Cynthia and McSherry, Frank and Nissim, Kobbi and Smith, Adam},
  booktitle    = {Theory of cryptography conference},
  pages        = {265--284},
  year         = {2006},
  organization = {Springer},
  doi          = {10.1007/11681878_14}
}


@article{emd,
  title     = {The earth mover's distance as a metric for image retrieval},
  author    = {Rubner, Yossi and Tomasi, Carlo and Guibas, Leonidas J},
  journal   = {International journal of computer vision},
  volume    = {40},
  number    = {2},
  pages     = {99--121},
  year      = {2000},
  publisher = {Springer}
}




@inproceedings{fh-ope,
  author    = {Kerschbaum, Florian},
  title     = {Frequency-Hiding Order-Preserving Encryption},
  booktitle = {Proceedings of the 22Nd ACM SIGSAC Conference on Computer and Communications Security},
  year      = {2015},
  pages     = {656--667},
  publisher = {ACM}
}

@article{k-anonymity,
  title     = {k-anonymity: A model for protecting privacy},
  author    = {Sweeney, Latanya},
  journal   = {International Journal of Uncertainty, Fuzziness and Knowledge-Based Systems},
  volume    = {10},
  number    = {05},
  pages     = {557--570},
  year      = {2002},
  publisher = {World Scientific}
}

@article{l-diversity,
  title     = {l-diversity: Privacy beyond k-anonymity},
  author    = {Machanavajjhala, Ashwin and Kifer, Daniel and Gehrke, Johannes and Venkitasubramaniam, Muthuramakrishnan},
  journal   = {ACM Transactions on Knowledge Discovery from Data (TKDD)},
  volume    = {1},
  number    = {1},
  pages     = {3--es},
  year      = {2007},
  publisher = {ACM New York, NY, USA}
}

@inproceedings{lewi-wu-ore,
  author    = {Lewi, Kevin and Wu, David J.},
  title     = {Order-Revealing Encryption: New Constructions, Applications, and Lower Bounds},
  year      = {2016},
  pages     = {1167--1178},
  publisher = {ACM}
}

@misc{modes-of-operation-nist,
  author    = {Morris Dworkin},
  title     = {Recommendation for Block Cipher Modes of Operation: Methods and Techniques},
  year      = {2001},
  publisher = {Federal Inf. Process. Stds. (NIST FIPS), National Institute of Standards and Technology, Gaithersburg, MD},
  doi       = {10.6028/NIST.SP.800-38A},
  language  = {en}
}

@article{oram-original,
  title     = {Software protection and simulation on oblivious RAMs},
  author    = {Goldreich, Oded and Ostrovsky, Rafail},
  journal   = {Journal of the ACM (JACM)},
  volume    = {43},
  number    = {3},
  pages     = {431--473},
  year      = {1996},
  publisher = {ACM New York, NY, USA}
}

@inproceedings{oram-theory,
  title     = {Towards a theory of software protection and simulation by oblivious RAMs},
  author    = {Goldreich, Oded},
  booktitle = {Proceedings of the nineteenth annual ACM symposium on Theory of computing},
  pages     = {182--194},
  year      = {1987}
}

@inproceedings{our-data-ourselves,
  title        = {Our data, ourselves: Privacy via distributed noise generation},
  author       = {Dwork, Cynthia and Kenthapadi, Krishnaram and McSherry, Frank and Mironov, Ilya and Naor, Moni},
  booktitle    = {Annual International Conference on the Theory and Applications of Cryptographic Techniques},
  pages        = {486--503},
  year         = {2006},
  organization = {Springer},
  doi          = {10.1007/11761679_29}
}

@inproceedings{path-oram,
  author    = {Stefanov, Emil and van Dijk, Marten and Shi, Elaine and Fletcher, Christopher and Ren, Ling and Yu, Xiangyao and Devadas, Srinivas},
  title     = {Path ORAM: An Extremely Simple Oblivious RAM Protocol},
  booktitle = {Proceedings of the 2013 ACM SIGSAC Conference on Computer Communications Security},
  year      = {2013},
  pages     = {299--310},
  publisher = {ACM}
}


@inproceedings{sgx-1,
  title        = {Innovative technology for CPU based attestation and sealing},
  author       = {Anati, Ittai and Gueron, Shay and Johnson, Simon and Scarlata, Vincent},
  booktitle    = {Proceedings of the 2nd international workshop on hardware and architectural support for security and privacy},
  volume       = {13},
  pages        = {7},
  year         = {2013},
  organization = {Citeseer}
}

@article{sgx-2,
  title   = {Using innovative instructions to create trustworthy software solutions.},
  author  = {Hoekstra, Matthew and Lal, Reshma and Pappachan, Pradeep and Phegade, Vinay and Del Cuvillo, Juan},
  journal = {HASP@ ISCA},
  volume  = {11},
  number  = {10.1145},
  pages   = {2487726--2488370},
  year    = {2013}
}

@article{sgx-3,
  title   = {Innovative instructions and software model for isolated execution.},
  author  = {McKeen, Frank and Alexandrovich, Ilya and Berenzon, Alex and Rozas, Carlos V and Shafi, Hisham and Shanbhogue, Vedvyas and Savagaonkar, Uday R},
  journal = {Hasp@ isca},
  volume  = {10},
  number  = {1},
  year    = {2013}
}

@article{sgx-explained,
  title   = {Intel sgx explained.},
  author  = {Costan, Victor and Devadas, Srinivas},
  journal = {IACR Cryptol. ePrint Arch.},
  volume  = {2016},
  number  = {86},
  pages   = {1--118},
  year    = {2016}
}

@misc{sgx-manual,
  author = {Intel Corporation},
  title  = {IntelÂ® 64 and IA-32 Architectures Software Developer's Manual},
  month  = {Sep},
  year   = {2015},
  note   = {Volume 3D: System Programming Guide, Part 4}
}

@inproceedings{shortest-path-oram,
  title        = {Practical private shortest path computation based on oblivious storage},
  author       = {Xie, Dong and Li, Guanru and Yao, Bin and Wei, Xuan and Xiao, Xiaokui and Gao, Yunjun and Guo, Minyi},
  booktitle    = {2016 IEEE 32nd International Conference on Data Engineering (ICDE)},
  pages        = {361--372},
  year         = {2016},
  organization = {IEEE}
}

@inproceedings{t-closeness,
  title        = {t-closeness: Privacy beyond k-anonymity and l-diversity},
  author       = {Li, Ninghui and Li, Tiancheng and Venkatasubramanian, Suresh},
  booktitle    = {2007 IEEE 23rd International Conference on Data Engineering},
  pages        = {106--115},
  year         = {2007},
  organization = {IEEE}
}

@inproceedings{taostore,
  title        = {Taostore: Overcoming asynchronicity in oblivious data storage},
  author       = {Sahin, Cetin and Zakhary, Victor and El Abbadi, Amr and Lin, Huijia and Tessaro, Stefano},
  booktitle    = {2016 IEEE Symposium on Security and Privacy (SP)},
  pages        = {198--217},
  year         = {2016},
  organization = {IEEE}
}

@inproceedings{tp-oram,
  title     = {Towards Practical Oblivious {RAM}},
  author    = {Emil Stefanov and Elaine Shi and Dawn Xiaodong Song},
  booktitle = {Network and Distributed System Security Symposium (NDSS)},
  year      = {2012}
}

@inproceedings{zerotrace,
  author = {Sasy, Sajin and Gorbunov, Sergey and Fletcher, Christopher},
  year   = {2018},
  month  = {01},
  pages  = {},
  title  = {ZeroTrace : Oblivious Memory Primitives from Intel SGX},
  doi    = {10.14722/ndss.2018.23243}
}
